@article{ethereum:paper,
	author = "Ethereum Team",
	title = "{A Next-Generation Smart Contract and Decentralized Application Platform}",
	url = "https://github.com/ethereum/wiki/wiki/White-Paper",
}

@article{learnmeabitcoin:p2ms,
	author = "Greg Walker",
	title = "{Pay To Multisig}",
	url = "https://learnmeabitcoin.com/glossary/p2ms",
}

@article{satalight:lightningstudy,
	author = "DataLight",
	title = "{Lightning Network Study. Will this technology become the new standard for Bitcoin transactions?}",
	url = "https://datalight.me/blog/researches/lightning-network-study-will-this-technology-become-the-new-standart-for-bitcoin-transactions/",
}

@article{bitcoinbip:bip68,
	author = "Mark Friedenbach, BtcDrak, Nicolas Dorier, kinoshitajona",
	title = "{Relative lock-time using consensus-enforced sequence numbers}",
	url = "https://github.com/bitcoin/bips/blob/master/bip-0068.mediawiki",
}

@article{blocksci:article,
	author = "Harry Kalodner, Steven Goldfeder, Alishah Chator, Malte Möser, Arvind Narayanan",
	title = "{BlockSci: Design and applications of a blockchain analysis platform}",
	url = "https://arxiv.org/pdf/1709.02489.pdf",
}

@article{biva:article,
	author = "Frédérique E. Oggier, Silivanxay Phetsouvanh, Anwitaman Datta",
	title = "{BiVA: Bitcoin Network Visualization \& Analysis}",
	url = "https://www.semanticscholar.org/paper/BiVA%3A-Bitcoin-Network-Visualization-%26-Analysis-Oggier-Phetsouvanh/e5b699334b5b007970ff0d50d1083161c69c37dd",
}

@article{BitcoinBlockchainTransactionsVisualization:article,
	author = "Ajay Kumar Shrestha, Julita Vassileva",
	title = "{Bitcoin Blockchain Transactions Visualization}",
	url = "https://ieeexplore.ieee.org/abstract/document/8756455",
}

@book{bitcoinbook,
    author    = " Andreas M. Antonopoulos",
    title     = "Mastering Bitcoin 2nd Edition - Programming the Open Blockchain",
    year      = "2017",
    publisher = "O'Reilly",
}

@misc{blockstream:esplora,
    author    = "Blockstream",
    title     = "Explora",
    url       = "https://github.com/Blockstream/esplora"
}

@misc{blockchain:explorer,
    author    = "Blockchain",
    title     = "Explorer",
    url       = "https://www.blockchain.com/explorer"
}

@misc{parser:blocktools
	author    = "tenthirtyone",
	title     = "blocktools",
	url       = "https://github.com/tenthirtyone/blocktools"
}

@misc{demo:analitics
	author    = "Vincenzo Palazzo",
	title     = "AnalyticsPyBlock",
	url       = "https://github.com/vincenzopalazzo/AnalyticsPyBlock"
}

@misc{parser:bitcoinscript
	author    = "Vincenzo Palazzo",
	title     = "decompiler-bitcoin-script",
	url       = "https://github.com/vincenzopalazzo/decompiler-bitcoin-script"
}
